@Inproceedings{DBSCANEKSX96,
  Author    = {Ester, M. and Kriegel, H.-P. and Sander, J. and Xu, X.},
  title     = {A Density-Based Algorithm for Discovering Clusters in Large Spatial Databases with Noise},
  booktitle = {Proc.\ 2nd Int.\ Conf.\ on Knowledge Discovery and Data Mining (KDD'96), Portland, OR},
  pages     = {226--231},
  year      = {1996}
}

@inproceedings{kazempour2018d,
  title={D-MASC: A Novel Search Strategy for Detecting Regions of Interest in Linear Parameter Space},
  author={Kazempour, Daniyal and Bein, Kevin and Kr{\"o}ger, Peer and Seidl, Thomas},
  booktitle={International Conference on Similarity Search and Applications},
  pages={163--176},
  year={2018},
  organization={Springer}
}

@article{kazempour2019galaxy,
  title={A Galaxy of Correlations Detecting Linear Correlated Clusters through k-Tuples Sampling using Par},
  author={Kazempour, Daniyal and Krombholz, Lisa and Kr{\"o}ger, Peer and Seidl, Thomas},
  year={2019}
}

%start

@article{parsons2004subspace,
  title={Subspace clustering for high dimensional data: a review},
  author={Parsons, Lance and Haque, Ehtesham and Liu, Huan},
  journal={Acm Sigkdd Explorations Newsletter},
  volume={6},
  number={1},
  pages={90--105},
  year={2004},
  publisher={ACM}
}

@inproceedings{4cbohm2004computing,
  title={Computing clusters of correlation connected objects},
  author={B{\"o}hm, Christian and Kailing, Karin and Kr{\"o}ger, Peer and Zimek, Arthur},
  booktitle={Proceedings of the 2004 ACM SIGMOD international conference on Management of data},
  pages={455--466},
  year={2004},
  organization={ACM}
}

@inproceedings{robustpcakriegel2008general,
  title={A general framework for increasing the robustness of PCA-based correlation clustering algorithms},
  author={Kriegel, Hans-Peter and Kr{\"o}ger, Peer and Schubert, Erich and Zimek, Arthur},
  booktitle={International Conference on Scientific and Statistical Database Management},
  pages={418--435},
  year={2008},
  organization={Springer}
}

@inproceedings{CASHachtert2008robust,
  title={Robust clustering in arbitrarily oriented subspaces},
  author={Achtert, Elke and B{\"o}hm, Christian and David, J{\"o}rn and Kr{\"o}ger, Peer and Zimek, Arthur},
  booktitle={Proceedings of the 2008 SIAM International Conference on Data Mining},
  pages={763--774},
  year={2008},
  organization={SIAM}
}

@article{CASHachtert2008global,
  title={Global correlation clustering based on the Hough transform},
  author={Achtert, Elke and B{\"o}hm, Christian and David, J{\"o}rn and Kr{\"o}ger, Peer and Zimek, Arthur},
  journal={Statistical Analysis and Data Mining: The ASA Data Science Journal},
  volume={1},
  number={3},
  pages={111--127},
  year={2008},
  publisher={Wiley Online Library}
}

@inproceedings{opticsankerst1999optics,
  title={OPTICS: ordering points to identify the clustering structure},
  author={Ankerst, Mihael and Breunig, Markus M and Kriegel, Hans-Peter and Sander, J{\"o}rg},
  booktitle={ACM Sigmod record},
  volume={28},
  number={2},
  pages={49--60},
  year={1999},
  organization={ACM}
}

@inproceedings{sublcukailing2004density,
  title={Density-connected subspace clustering for high-dimensional data},
  author={Kailing, Karin and Kriegel, Hans-Peter and Kr{\"o}ger, Peer},
  booktitle={Proceedings of the 2004 SIAM international conference on data mining},
  pages={246--256},
  year={2004},
  organization={SIAM}
}

@inproceedings{proclusaggarwal1999fast,
  title={Fast algorithms for projected clustering},
  author={Aggarwal, Charu C and Wolf, Joel L and Yu, Philip S and Procopiuc, Cecilia and Park, Jong Soo},
  booktitle={ACM SIGMoD Record},
  volume={28},
  number={2},
  pages={61--72},
  year={1999},
  organization={ACM}
}

@inproceedings{delicluachtert2006deli,
  title={DeLi-Clu: boosting robustness, completeness, usability, and efficiency of hierarchical clustering by a closest pair ranking},
  author={Achtert, Elke and B{\"o}hm, Christian and Kr{\"o}ger, Peer},
  booktitle={Pacific-Asia Conference on Knowledge Discovery and Data Mining},
  pages={119--128},
  year={2006},
  organization={Springer}
}

@inproceedings{kmeansmacqueen1967some,
  title={Some methods for classification and analysis of multivariate observations},
  author={MacQueen, James and others},
  booktitle={Proceedings of the fifth Berkeley symposium on mathematical statistics and probability},
  volume={1},
  number={14},
  pages={281--297},
  year={1967},
  organization={Oakland, CA, USA}
}

@book{orclusaggarwal2000finding,
  title={Finding generalized projected clusters in high dimensional spaces},
  author={Aggarwal, Charu C and Yu, Philip S},
  volume={29},
  number={2},
  year={2000},
  publisher={ACM}
}

@inproceedings{ertoz2003finding,
  title={Finding clusters of different sizes, shapes, and densities in noisy, high dimensional data},
  author={Ert{\"o}z, Levent and Steinbach, Michael and Kumar, Vipin},
  booktitle={Proceedings of the 2003 SIAM international conference on data mining},
  pages={47--58},
  year={2003},
  organization={SIAM}
}

@inproceedings{lmclusharalick2005linear,
  title={Linear manifold clustering},
  author={Haralick, Robert and Harpaz, Rave},
  booktitle={International Workshop on Machine Learning and Data Mining in Pattern Recognition},
  pages={132--141},
  year={2005},
  organization={Springer}
}

@misc{houghOriginal1962method,
  title={Method and means for recognizing complex patterns},
  author={Hough, Paul VC},
  year={1962},
  month=dec # "~18",
  publisher={Google Patents},
  note={US Patent 3,069,654}
}

@article{ballard1981generalizing,
  title={Generalizing the Hough transform to detect arbitrary shapes},
  author={Ballard, Dana H},
  journal={Pattern recognition},
  volume={13},
  number={2},
  pages={111--122},
  year={1981},
  publisher={Elsevier}
}

@book{davies2004machine,
  title={Machine vision: theory, algorithms, practicalities},
  author={Davies, E Roy},
  year={2004},
  publisher={Elsevier}
}

@article{rosenfeld1969picture,
  title={Picture processing by computer},
  author={Rosenfeld, Azriel},
  journal={ACM Computing Surveys (CSUR)},
  volume={1},
  number={3},
  pages={147--176},
  year={1969},
  publisher={ACM}
}

@article{illingworth1988survey,
  title={A survey of the Hough transform},
  author={Illingworth, John and Kittler, Josef},
  journal={Computer vision, graphics, and image processing},
  volume={44},
  number={1},
  pages={87--116},
  year={1988},
  publisher={Elsevier}
}

@techreport{duda1971use,
  title={Use of the Hough transformation to detect lines and curves in pictures},
  author={Duda, Richard O and Hart, Peter E},
  year={1971},
  institution={Sri International Menlo Park Ca Artificial Intelligence Center}
}

@inproceedings{agrawal1998automatic,
  title={Automatic subspace clustering of high dimensional data for data mining applications},
  author={Agrawal, Rakesh and Gehrke, Johannes and Gunopulos, Dimitrios and Raghavan, Prabhakar},
  booktitle={Proceedings of the 1998 ACM SIGMOD international conference on Management of data},
  pages={94--105},
  year={1998}
}

@inproceedings{cliqueagrawal1998automatic,
  title={Automatic subspace clustering of high dimensional data for data mining applications},
  author={Agrawal, Rakesh and Gehrke, Johannes and Gunopulos, Dimitrios and Raghavan, Prabhakar},
  booktitle={Proceedings of the 1998 ACM SIGMOD international conference on Management of data},
  pages={94--105},
  year={1998}
}

@article{PCAshlens2014tutorial,
  title={A tutorial on principal component analysis},
  author={Shlens, Jonathon},
  journal={arXiv preprint arXiv:1404.1100},
  year={2014}
}

@article{kriegel2009clustering,
  title={Clustering high-dimensional data: A survey on subspace clustering, pattern-based clustering, and correlation clustering},
  author={Kriegel, Hans-Peter and Kr{\"o}ger, Peer and Zimek, Arthur},
  journal={ACM Transactions on Knowledge Discovery from Data (TKDD)},
  volume={3},
  number={1},
  pages={1--58},
  year={2009},
  publisher={ACM New York, NY, USA}
}

@article{houghhistoryhart2009hough,
  title={How the Hough transform was invented [DSP History]},
  author={Hart, Peter E},
  journal={IEEE Signal Processing Magazine},
  volume={26},
  number={6},
  pages={18--22},
  year={2009},
  publisher={IEEE}
}

@article{pcawold1987principal,
  title={Principal component analysis},
  author={Wold, Svante and Esbensen, Kim and Geladi, Paul},
  journal={Chemometrics and intelligent laboratory systems},
  volume={2},
  number={1-3},
  pages={37--52},
  year={1987},
  publisher={Elsevier}
}

@incollection{pcamljolliffe1986principal,
  title={Principal components in regression analysis},
  author={Jolliffe, Ian T},
  booktitle={Principal component analysis},
  pages={129--155},
  year={1986},
  publisher={Springer}
}

@article{validationhalkidi2001clustering,
  title={On clustering validation techniques},
  author={Halkidi, Maria and Batistakis, Yannis and Vazirgiannis, Michalis},
  journal={Journal of intelligent information systems},
  volume={17},
  number={2-3},
  pages={107--145},
  year={2001},
  publisher={Springer}
}

@incollection{clusteringsurveyberkhin2006survey,
  title={A survey of clustering data mining techniques},
  author={Berkhin, Pavel},
  booktitle={Grouping multidimensional data},
  pages={25--71},
  year={2006},
  publisher={Springer}
}

@article{dataclusteringreviewjain1999data,
  title={Data clustering: a review},
  author={Jain, Anil K and Murty, M Narasimha and Flynn, Patrick J},
  journal={ACM computing surveys (CSUR)},
  volume={31},
  number={3},
  pages={264--323},
  year={1999},
  publisher={Acm New York, NY, USA}
}

@article{xu2005survey,
  title={Survey of clustering algorithms},
  author={Xu, Rui and Wunsch, Donald},
  journal={IEEE Transactions on neural networks},
  volume={16},
  number={3},
  pages={645--678},
  year={2005},
  publisher={Ieee}
}

@article{kmeanshalfcenturysteinley2006k,
  title={K-means clustering: a half-century synthesis},
  author={Steinley, Douglas},
  journal={British Journal of Mathematical and Statistical Psychology},
  volume={59},
  number={1},
  pages={1--34},
  year={2006},
  publisher={Wiley Online Library}
}

@article{kmeans50jain2010data,
  title={Data clustering: 50 years beyond K-means},
  author={Jain, Anil K},
  journal={Pattern recognition letters},
  volume={31},
  number={8},
  pages={651--666},
  year={2010},
  publisher={Elsevier}
}

@book{han2011data,
  title={Data mining: concepts and techniques},
  author={Han, Jiawei and Pei, Jian and Kamber, Micheline},
  year={2011},
  publisher={Elsevier}
}

@article{vidal2011subspace,
  title={Subspace clustering},
  author={Vidal, Ren{\'e}},
  journal={IEEE Signal Processing Magazine},
  volume={28},
  number={2},
  pages={52--68},
  year={2011},
  publisher={IEEE}
}

@article{zimek2009correlation,
  title={Correlation clustering},
  author={Zimek, Arthur},
  journal={ACM SIGKDD Explorations Newsletter},
  volume={11},
  number={1},
  pages={53--54},
  year={2009},
  publisher={ACM New York, NY, USA}
}

@book{kaufman2009finding,
  title={Finding groups in data: an introduction to cluster analysis},
  author={Kaufman, Leonard and Rousseeuw, Peter J},
  volume={344},
  year={2009},
  publisher={John Wiley \& Sons}
}

@book{jain1988algorithms,
  title={Algorithms for clustering data},
  author={Jain, Anil K and Dubes, Richard C},
  year={1988},
  publisher={Prentice-Hall, Inc.}
}

@article{kmodehuang1998extensions,
  title={Extensions to the k-means algorithm for clustering large data sets with categorical values},
  author={Huang, Zhexue},
  journal={Data mining and knowledge discovery},
  volume={2},
  number={3},
  pages={283--304},
  year={1998},
  publisher={Springer}
}

@inproceedings{biccici2007locally,
  title={Locally scaled density based clustering},
  author={Bi{\c{c}}ici, Ergun and Yuret, Deniz},
  booktitle={International conference on adaptive and natural computing algorithms},
  pages={739--748},
  year={2007},
  organization={Springer}
}

@inproceedings{uncu2006gridbscan,
  title={Gridbscan: Grid density-based spatial clustering of applications with noise},
  author={Uncu, Ozge and Gruver, William A and Kotak, Dilip B and Sabaz, Dorian and Alibhai, Zafeer and Ng, Colin},
  booktitle={2006 IEEE International Conference on Systems, Man and Cybernetics},
  volume={4},
  pages={2976--2981},
  year={2006},
  organization={IEEE}
}

@article{sibson1973slink,
  title={SLINK: an optimally efficient algorithm for the single-link cluster method},
  author={Sibson, Robin},
  journal={The computer journal},
  volume={16},
  number={1},
  pages={30--34},
  year={1973},
  publisher={Oxford University Press}
}

@inproceedings{copacachtert2007robust,
  title={Robust, complete, and efficient correlation clustering},
  author={Achtert, Elke and B{\"o}hm, Christian and Kriegel, Hans-Peter and Kr{\"o}ger, Peer and Zimek, Arthur},
  booktitle={Proceedings of the 2007 SIAM International Conference on Data Mining},
  pages={413--418},
  year={2007},
  organization={SIAM}
}

@inproceedings{ericachtert2007exploring,
  title={On exploring complex relationships of correlation clusters},
  author={Achtert, Elke and Bohm, Christian and Kriegel, Hans-Peter and Kroger, Peer and Zimek, Arthur},
  booktitle={19th International Conference on Scientific and Statistical Database Management (SSDBM 2007)},
  pages={7--7},
  year={2007},
  organization={IEEE}
}

@inproceedings{hicoachtert2006mining,
  title={Mining hierarchies of correlation clusters},
  author={Achtert, Elke and Bohm, Christian and Kroger, Peer and Zimek, Arthur},
  booktitle={18th International Conference on Scientific and Statistical Database Management (SSDBM'06)},
  pages={119--128},
  year={2006},
  organization={IEEE}
}

@article{pedregosa2011scikit,
  title={Scikit-learn: Machine learning in Python},
  author={Pedregosa, Fabian and Varoquaux, Ga{\"e}l and Gramfort, Alexandre and Michel, Vincent and Thirion, Bertrand and Grisel, Olivier and Blondel, Mathieu and Prettenhofer, Peter and Weiss, Ron and Dubourg, Vincent and others},
  journal={Journal of machine learning research},
  volume={12},
  number={Oct},
  pages={2825--2830},
  year={2011}
}

@inproceedings{achtert2008elki,
  title={ELKI: a software system for evaluation of subspace clustering algorithms},
  author={Achtert, Elke and Kriegel, Hans-Peter and Zimek, Arthur},
  booktitle={International Conference on Scientific and Statistical Database Management},
  pages={580--585},
  year={2008},
  organization={Springer}
}

@article{strehl2002clusternmi,
  title={Cluster ensembles---a knowledge reuse framework for combining multiple partitions},
  author={Strehl, Alexander and Ghosh, Joydeep},
  journal={Journal of machine learning research},
  volume={3},
  number={Dec},
  pages={583--617},
  year={2002}
}

@article{hubert1985comparingari,
  title={Comparing partitions},
  author={Hubert, Lawrence and Arabie, Phipps},
  journal={Journal of classification},
  volume={2},
  number={1},
  pages={193--218},
  year={1985},
  publisher={Springer}
}